@misc{objectivity-merriam-webster,
  title     = {Objectivity. In Merriam-Webster.com dictionary.},
  author    = {Merriam-Webster. (n.d.)},
  year      = {2021},
  url       = {https://www.merriam-webster.com/dictionary/objectivity}
}
