@misc{objectivity-merriam-webster,
  title     = {Objectivity. In Merriam-Webster.com dictionary.},
  author    = {Merriam-Webster},
  year      = {2021},
  url       = {https://www.merriam-webster.com/dictionary/objectivity}
}

@misc{bias-merriam-webster,
  title     = {Bias. In Merriam-Webster.com dictionary.},
  author    = {Merriam-Webster},
  year      = {2021},
  url       = {https://www.merriam-webster.com/dictionary/bias}
}

@misc{subjective-merriam-webster,
  title     = {Subjective. In Merriam-Webster.com dictionary.},
  author    = {Merriam-Webster},
  year      = {2021},
  url       = {https://www.merriam-webster.com/dictionary/subjective}
}

@article{nagel1974like,
  title={What is it like to be a bat},
  author={Nagel, Thomas},
  journal={Readings in philosophy of psychology},
  volume={1},
  pages={159--168},
  year={1974}
}
